<record><leader>00000cas a22000007a 4500</leader><controlfield tag="001">40306692</controlfield><controlfield tag="008">981113d19351952vauwr ne      0    0eng d</controlfield><datafield ind1=" " ind2=" " tag="010"><subfield code="a">sn 98068275 </subfield></datafield><datafield ind1=" " ind2=" " tag="040"><subfield code="a">NVK</subfield><subfield code="b">eng</subfield><subfield code="c">NVK</subfield><subfield code="d">OCLCQ</subfield><subfield code="d">OCLCF</subfield><subfield code="d">OCLCO</subfield></datafield><datafield ind1="1" ind2=" " tag="029"><subfield code="a">AU@</subfield><subfield code="b">000023291774</subfield></datafield><datafield ind1=" " ind2=" " tag="042"><subfield code="a">msc</subfield></datafield><datafield ind1=" " ind2=" " tag="043"><subfield code="a">n-us-va</subfield></datafield><datafield ind1="0" ind2="0" tag="245"><subfield code="a">Pittsylvania tribune and the Chatham enterprise.</subfield></datafield><datafield ind1="1" ind2="7" tag="246"><subfield code="a">Pittsylvania tribune</subfield></datafield><datafield ind1=" " ind2=" " tag="260"><subfield code="a">Chatham, Va. :</subfield><subfield code="b">L.R. Schoenfeld</subfield></datafield><datafield ind1=" " ind2=" " tag="300"><subfield code="a">v.</subfield></datafield><datafield ind1=" " ind2=" " tag="310"><subfield code="a">Weekly</subfield></datafield><datafield ind1="1" ind2=" " tag="362"><subfield code="a">Began in 1935; ceased in 1952.</subfield></datafield><datafield ind1=" " ind2=" " tag="500"><subfield code="a">Editor: J. Hunt Whitehead, 1936-1941.</subfield></datafield><datafield ind1=" " ind2=" " tag="500"><subfield code="a">Publishers: Preston Moses &lt;1938-1944&gt; ; Katherine Whitehead, March 1944-&lt;1948&gt; ; Tribune Pub. Co., under Walt Miles and Garry Willard, Mar. 5, 1948-&lt;&gt;.</subfield></datafield><datafield ind1=" " ind2=" " tag="500"><subfield code="a">"Pittsylvania's home newspaper since 1865."</subfield></datafield><datafield ind1=" " ind2=" " tag="515"><subfield code="a">Continues numbering of Pittsylvania tribune.</subfield></datafield><datafield ind1=" " ind2=" " tag="588"><subfield code="a">Description based on issue for: (Jan. 17, 1936).</subfield></datafield><datafield ind1=" " ind2=" " tag="588"><subfield code="a">Latest issue consulted: Vol. 82, no. 27 (Nov. 29, 1951).</subfield></datafield><datafield ind1=" " ind2="0" tag="651"><subfield code="a">Chatham (Va.)</subfield><subfield code="v">Newspapers.</subfield></datafield><datafield ind1=" " ind2="0" tag="651"><subfield code="a">Pittsylvania County (Va.)</subfield><subfield code="v">Newspapers.</subfield></datafield><datafield ind1=" " ind2="7" tag="655"><subfield code="a">Newspapers.</subfield><subfield code="2">fast</subfield><subfield code="0">(OCoLC)fst01423814</subfield></datafield><datafield ind1=" " ind2="7" tag="651"><subfield code="a">Virginia</subfield><subfield code="z">Chatham.</subfield><subfield code="2">fast</subfield><subfield code="0">(OCoLC)fst01216529</subfield></datafield><datafield ind1=" " ind2="7" tag="651"><subfield code="a">Virginia</subfield><subfield code="z">Pittsylvania County.</subfield><subfield code="2">fast</subfield><subfield code="0">(OCoLC)fst01210134</subfield></datafield><datafield ind1=" " ind2=" " tag="752"><subfield code="a">United States</subfield><subfield code="b">Virginia</subfield><subfield code="c">Pittsylvania</subfield><subfield code="d">Chatham.</subfield></datafield><datafield ind1="0" ind2="0" tag="780"><subfield code="t">Tribune-enterprise (Chatham, Va.)</subfield><subfield code="w">(DLC)sn 98068250</subfield></datafield><datafield ind1="0" ind2="7" tag="785"><subfield code="t">Pittsylvania star</subfield><subfield code="w">(DLC)sn 98068264</subfield></datafield><datafield ind1="0" ind2="7" tag="785"><subfield code="t">Star-tribune (Chatham, Va.)</subfield><subfield code="w">(DLC)sn 94002517</subfield></datafield></record>